@article{ISOC++:2003,
	author={},
	journal={ISO/IEC 14882:2003},
	title={Programming Languages - C++},
	year={2003},
	pages={879},
	doi={ISO/IEC JTC 1/SC 22},
}

%Nao consigo ler este artigo, mas supostamente diz um algorimto qualquer com tempo bom
%Ver pagina da wikipedia para complexidade:
%https://en.wikipedia.org/wiki/Dijkstra's_algorithm#CITEREFRaman1997
@article{Raman:1997,
 author = {Raman, Rajeev},
 title = {Recent Results on the Single-source Shortest Paths Problem},
 journal = {SIGACT News},
 issue_date = {June 1997},
 volume = {28},
 number = {2},
 month = jun,
 year = {1997},
 issn = {0163-5700},
 pages = {81--87},
 numpages = {7},
 url = {http://doi.acm.org/10.1145/261342.261352},
 doi = {10.1145/261342.261352},
 acmid = {261352},
 publisher = {ACM},
 address = {New York, NY, USA},
}

%http://research.microsoft.com/pubs/218212/Rand-SSSP.pdf (Teoria fixe)

%Prova que as priority queues s√£o equivalentes a sorting algorithms
@article{Thorup:2007:EPQ:1314690.1314692,
 author = {Thorup, Mikkel},
 title = {Equivalence Between Priority Queues and Sorting},
 journal = {J. ACM},
 issue_date = {December 2007},
 volume = {54},
 number = {6},
 month = dec,
 year = {2007},
 issn = {0004-5411},
 articleno = {28},
 url = {http://doi.acm.org/10.1145/1314690.1314692},
 doi = {10.1145/1314690.1314692},
 acmid = {1314692},
 publisher = {ACM},
 address = {New York, NY, USA},
 keywords = {Priority queues, sorting},
}
