@article{ISOC++:2003,
	author={}, 
	journal={ISO/IEC 14882:2003}, 
	title={Programming Languages - C++}, 
	year={2003},  
	pages={879}, 
	doi={ISO/IEC JTC 1/SC 22}, 
}
@article{Hopcroft:EAGM,
	author = {Hopcroft, John and Tarjan, Robert},
	title = {Algorithm 447: Efficient Algorithms for Graph Manipulation},
	journal = {Commun. ACM},
	issue_date = {June 1973},
	volume = {16},
	number = {6},
	month = jun,
	year = {1973},
	issn = {0001-0782},
	pages = {372--378},
	numpages = {7},
	url = {http://doi.acm.org/10.1145/362248.362272},
	doi = {10.1145/362248.362272},
	acmid = {362272},
	publisher = {ACM},
	address = {New York, NY, USA},
	keywords = {analysis of algorithms, graph manipulation, graphs},
}
%TODO: encontra p√°gina